<?xml version="1.0" encoding="UTF-8"?><record xmlns="http://www.loc.gov/MARC21/slim" xmlns:cinclude="http://apache.org/cocoon/include/1.0" xmlns:zs="http://www.loc.gov/zing/srw/">
  <leader>00641cz  a2200157n  4500</leader>
  <controlfield tag="001">n  92004680 </controlfield>
  <controlfield tag="003">DLC</controlfield>
  <controlfield tag="005">20130316090512.0</controlfield>
  <controlfield tag="008">920115n| acannaab           |a aaa      </controlfield>
  <datafield tag="010" ind1=" " ind2=" ">
    <subfield code="a">n  92004680 </subfield>
  </datafield>
  <datafield tag="040" ind1=" " ind2=" ">
    <subfield code="a">DLC</subfield>
    <subfield code="b">eng</subfield>
    <subfield code="c">DLC</subfield>
    <subfield code="d">DLC</subfield>
  </datafield>
  <datafield tag="100" ind1="0" ind2=" ">
    <subfield code="a">Rudrabhaṭṭa,</subfield>
    <subfield code="d">active 1173-1220.</subfield>
    <subfield code="t">Rasakalikā.</subfield>
    <subfield code="l">English &amp; Sanskrit</subfield>
  </datafield>
  <datafield tag="400" ind1="0" ind2=" ">
    <subfield code="a">Rudrabhaṭṭa,</subfield>
    <subfield code="d">active 1173-1220.</subfield>
    <subfield code="t">Rasakalikā of Rudrabhaṭṭa</subfield>
  </datafield>
  <datafield tag="400" ind1="0" ind2=" ">
    <subfield code="w">nnea</subfield>
    <subfield code="a">Rudrabhaṭṭa,</subfield>
    <subfield code="d">fl. 1173-1220.</subfield>
    <subfield code="t">Rasakalikā.</subfield>
    <subfield code="l">English &amp; Sanskrit</subfield>
  </datafield>
  <datafield tag="667" ind1=" " ind2=" ">
    <subfield code="a">THIS 1XX FIELD CANNOT BE USED UNDER RDA UNTIL THIS RECORD HAS BEEN REVIEWED AND/OR UPDATED</subfield>
  </datafield>
  <datafield tag="670" ind1=" " ind2=" ">
    <subfield code="a">His Rasakalikā of Rudrabhaṭṭa, 1988.</subfield>
  </datafield>
</record>